@article{bakketeig1979tendency,
  title={The tendency to repeat gestational age and birth weight in successive births},
  author={Bakketeig, Leiv S and Hoffman, Howard J and Harley, Ernest E},
  journal={American journal of obstetrics and gynecology},
  volume={135},
  number={8},
  pages={1086--1103},
  year={1979},
  publisher={Elsevier}
}

@article{MaternalAge,
title = "Maternal age and incidence of low birth weight at term: A population study",
journal = "American Journal of Obstetrics and Gynecology",
volume = "158",
number = "1",
pages = "84 - 89",
year = "1988",
issn = "0002-9378",
doi = "https://doi.org/10.1016/0002-9378(88)90783-1",
url = "http://www.sciencedirect.com/science/article/pii/0002937888907831",
author = "Kwang-sun Lee and Richard M. Ferguson and Maria Corpuz and Lawrence M. Gartner",
keywords = "Maternal age, intrauterine growth retardation, low birth weight",
}

@article{RiskFactors,
  title={Risk factors for low birth weight: a review},
  author={de Bernab{\'e}, Javier Valero and Soriano, Trinidad and Albaladejo, Romana and Juarranz, Margarita and Calle, Mar{\i}́a Elisa and Mart{\i}́nez, David and Dom{\i}́nguez-Rojas, Vicente},
  journal={European Journal of Obstetrics \& Gynecology and Reproductive Biology},
  volume={116},
  number={1},
  pages={3--15},
  year={2004},
  publisher={Elsevier}
}

@article{SmokeAge,
  title={Association between maternal smoking during pregnancy and low birthweight: effects by maternal age},
  author={Zheng, Wei and Suzuki, Kohta and Tanaka, Taichiro and Kohama, Moriyasu and Yamagata, Zentaro and Okinawa Child Health Study Group and others},
  journal={PloS one},
  volume={11},
  number={1},
  year={2016},
  publisher={Public Library of Science}
}

@article{SmokeLBW,
  title={Association between maternal smoking and low birth weight in Switzerland: the EDEN study},
  author={Chiolero, Arnaud and Bovet, Pascal and Paccaud, Fred},
  journal={Swiss medical weekly},
  volume={135},
  number={35-36},
  pages={525--530},
  year={2005},
  publisher={Basel: EMH Swiss Medical Publishers Ltd., c2001-}
}

@article{SmokeReduction,
  title={Smoking during pregnancy and harm reduction in birth weight: a cross-sectional study},
  author={Kataoka, Mariana Caricati and Carvalheira, Ana Paula Pinho and Ferrari, Anna Paula and Malta, Ma{\'\i}ra Barreto and Carvalhaes, Maria Antonieta de Barros Leite and de Lima Parada, Cristina Maria Garcia},
  journal={BMC pregnancy and childbirth},
  volume={18},
  number={1},
  pages={67},
  year={2018},
  publisher={BioMed Central}
}

@article{RaceLBW,
  title={Race, intervening variables, and two components of low birth weight},
  author={Kallan, Jeffrey E},
  journal={Demography},
  volume={30},
  number={3},
  pages={489--506},
  year={1993},
  publisher={Springer}
}

@article{RaceDifference,
  title={Risk of low birth weight infants among black and white parents},
  author={Hessol, Nancy A and Fuentes-Afflick, Elena and Bacchetti, Peter},
  journal={Obstetrics \& Gynecology},
  volume={92},
  number={5},
  pages={814--822},
  year={1998},
  publisher={Elsevier}
}

@article{Weight,
  title={Weight relationships in pregnancy: I. The bearing of maternal weight gain and pre-pregnancy weight on birth weight in full term pregnancies},
  author={Eastman, Nicholson J and Jackson, Esther},
  journal={Obstetrical \& gynecological survey},
  volume={23},
  number={11},
  pages={1003--1025},
  year={1968},
  publisher={LWW}
}

@article{InducedHT,
  title={Impact of pregnancy-induced hypertension on fetal growth},
  author={Xiong, Xu and Mayes, Damon and Demianczuk, Nestor and Olson, David M and Davidge, Sandra T and Newburn-Cook, Christine and Saunders, L Duncan},
  journal={American journal of obstetrics and gynecology},
  volume={180},
  number={1},
  pages={207--213},
  year={1999},
  publisher={Elsevier}
}

@article{HTRace,
  title={The influence of maternal hypertension on low birth weight: differences among ethnic populations.},
  author={Fang, J and Madhavan, S and Alderman, MH},
  journal={Ethnicity \& disease},
  volume={9},
  number={3},
  pages={369--376},
  year={1999}
}

@article{FTV1,
  title={Factors influencing low birth weight and prematurity in Botswana},
  author={Letamo, Gobopamang and Majelantle, Rolang},
  journal={Journal of Biosocial science},
  volume={33},
  number={3},
  pages={391--403},
  year={2001},
  publisher={Cambridge University Press}
}

@article{FTV2,
  title={How many visits by health professionals are needed to make a difference in low birthweight? A dose-response study of the Toronto Healthiest Babies Possible program},
  author={Desjardins, Ellen and Hardwick, Deborah},
  journal={Canadian journal of public health},
  volume={90},
  number={4},
  pages={224--228},
  year={1999},
  publisher={Springer}
}

@article{FTV3,
  title={Recurrence risk of low birthweight deliveries among women with a prior very low birthweight delivery},
  author={Bratton, Susan L and Shoultz, David A and Williams, Michelle A},
  journal={American journal of perinatology},
  volume={13},
  number={03},
  pages={147--150},
  year={1996},
  publisher={{\copyright} 1996 by Thieme Medical Publishers, Inc.}
}

@article{UI,
  title={The irritable uterus: A risk factor for preterm birth?},
  author={Roberts, William F and Perry Jr, Kenneth G and Naef III, Robert W and Washburne, Joseph F and Morrison, John C},
  journal={American journal of obstetrics and gynecology},
  volume={172},
  number={1},
  pages={138--142},
  year={1995},
  publisher={Elsevier}
}

@article{SmokeRace,
  title={Reports on Selected Racial/Ethnic Groups Special Focus: Maternal and Child Health Racial/Ethnic Differences in Smoking, Other Risk Factors, and Low Birth Weight Among Low-Income Pregnant Women, 1978-1988},
  author={Fichtner, Ronald R and Sullivan, Kevin M and Zyrkowski, MHA Colette L and Trowbridge, RD Frederick L}
}

@article{AgeFTV,
  title={Risk factors for low birth weight among first-time mothers in southern Taiwan.},
  author={Wang, Chong-Shan and Chou, Pesus},
  journal={Journal of the Formosan Medical Association},
  volume={100},
  number={3},
  pages={168--172},
  year={2001},
  publisher={Taipei, Taiwan: The Association,[1991-}
}

@article{AgeYoung,
  title={Association of young maternal age with adverse reproductive outcomes},
  author={Fraser, Alison M and Brockert, John E and Ward, Ryk H},
  journal={New England journal of medicine},
  volume={332},
  number={17},
  pages={1113--1118},
  year={1995},
  publisher={Mass Medical Soc}
}